/home/garamog/Documents/latex/referencias.bib